@book{computevision,
    title={Computer vision: algorithms and applications},
    author={Szeliski, Richard},
    year={2010},
    publisher={Springer Science \& Business Media}
}

@article{zhang2000flexible,
  title={A flexible new technique for camera calibration},
  author={Zhang, Zhengyou},
  journal={IEEE Transactions on pattern analysis and machine intelligence},
  volume={22},
  number={11},
  pages={1330--1334},
  year={2000},
  publisher={IEEE}
}

@inproceedings{Hartley1994SelfCalibrationFM,
  title={Self-Calibration from Multiple Views with a Rotating Camera},
  author={Richard I. Hartley},
  booktitle={ECCV},
  year={1994}
}

@phdthesis{malis2007deeper,
  title={Deeper understanding of the homography decomposition for vision-based control},
  author={Malis, Ezio and Vargas, Manuel},
  year={2007},
  school={INRIA}
}

@book{strang1993introduction,
  title={Introduction to linear algebra},
  author={Strang, Gilbert and Strang, Gilbert and Strang, Gilbert and Strang, Gilbert},
  volume={3},
  year={1993},
  publisher={Wellesley-Cambridge Press Wellesley, MA}
}